@misc{doersch2016tutorial,
    title={Tutorial on Variational Autoencoders},
    author={Carl Doersch},
    year={2016},
    eprint={1606.05908},
    archivePrefix={arXiv},
    primaryClass={stat.ML}
}
@misc{kingma2019introduction,
    title={An Introduction to Variational Autoencoders},
    author={Diederik P. Kingma and Max Welling},
    year={2019},
    eprint={1906.02691},
    archivePrefix={arXiv},
    primaryClass={cs.LG}
}