@misc{bullinaria, title={Recurrent Neural Networks Neural Computation : Lecture 12}, note={Available at https://www.cs.bham.ac.uk/~jxb/INC/l12.pdf}, year = {2015}, publisher={University of Birmingham}, author={Bullinaria, John A}}

@article{DBLP:journals/corr/ChoMGBSB14,
  author    = {Kyunghyun Cho and
               Bart van Merrienboer and
               {\c{C}}aglar G{\"{u}}l{\c{c}}ehre and
               Fethi Bougares and
               Holger Schwenk and
               Yoshua Bengio},
  title     = {Learning Phrase Representations using {RNN} Encoder-Decoder for Statistical
               Machine Translation},
  journal   = {CoRR},
  volume    = {abs/1406.1078},
  year      = {2014},
  url       = {http://arxiv.org/abs/1406.1078},
  archivePrefix = {arXiv},
  eprint    = {1406.1078},
  timestamp = {Mon, 13 Aug 2018 16:46:44 +0200},
  biburl    = {https://dblp.org/rec/journals/corr/ChoMGBSB14.bib},
  bibsource = {dblp computer science bibliography, https://dblp.org}
}

@article{DBLP:journals/corr/GreffSKSS15,
  author    = {Klaus Greff and
               Rupesh Kumar Srivastava and
               Jan Koutn{\'{\i}}k and
               Bas R. Steunebrink and
               J{\"{u}}rgen Schmidhuber},
  title     = {{LSTM:} {A} Search Space Odyssey},
  journal   = {CoRR},
  volume    = {abs/1503.04069},
  year      = {2015},
  url       = {http://arxiv.org/abs/1503.04069},
  archivePrefix = {arXiv},
  eprint    = {1503.04069},
  timestamp = {Mon, 13 Aug 2018 16:46:33 +0200},
  biburl    = {https://dblp.org/rec/journals/corr/GreffSKSS15.bib},
  bibsource = {dblp computer science bibliography, https://dblp.org}

@misc{zhang_lipton_li_smola, title={9.1. Gated Recurrent Units (GRU)}, note={Available at https://d2l.ai/chapter_recurrent-modern/gru.html}, journal={Dive into Deep Learning}, author={Zhang, Aston and Lipton, Zack C and Li, Mu and Smola, Alex J}} 
