@book{schechter1967variational,
  title={The variational method in engineering},
  author={Schechter, R.S.},
  lccn={66025488},
  series={McGraw-Hill chemical engineering series},
  year={1967},
  publisher={McGraw-Hill}
}
